<record><leader>00000cas a22000007a 4500</leader><controlfield tag="001">11140353</controlfield><controlfield tag="008">840911d18981974ohudn ne      0    0eng d</controlfield><datafield ind1=" " ind2=" " tag="010"><subfield code="a">sn 84028536 </subfield></datafield><datafield ind1=" " ind2=" " tag="040"><subfield code="a">NPY</subfield><subfield code="b">eng</subfield><subfield code="c">NPY</subfield><subfield code="d">NPI</subfield><subfield code="d">ONP</subfield><subfield code="d">OCLCQ</subfield></datafield><datafield ind1=" " ind2=" " tag="042"><subfield code="a">msc</subfield></datafield><datafield ind1="0" ind2="0" tag="245"><subfield code="a">Marietta daily times.</subfield></datafield><datafield ind1="3" ind2="0" tag="246"><subfield code="a">Marietta Sunday times</subfield></datafield><datafield ind1=" " ind2=" " tag="260"><subfield code="a">Marietta, Ohio :</subfield><subfield code="b">Ben J. McKinney,</subfield><subfield code="c">1898-1974.</subfield></datafield><datafield ind1=" " ind2=" " tag="300"><subfield code="a">v. :</subfield><subfield code="b">ill. ;</subfield><subfield code="c">58 cm.</subfield></datafield><datafield ind1=" " ind2=" " tag="310"><subfield code="a">Daily (except Sun.)</subfield></datafield><datafield ind1="0" ind2=" " tag="362"><subfield code="a">Vol. 1, no. 1 (Oct. 20, 1898)-v.76, no. 240 (Aug. 7, 1974).</subfield></datafield><datafield ind1=" " ind2=" " tag="500"><subfield code="a">On Sundays published as: Marietta Sunday times, Aug. 3, 1919-?</subfield></datafield><datafield ind1=" " ind2=" " tag="500"><subfield code="a">"Democratic, 1898-1927; Independent, 1928-" Cf. Gutgesell, S. Guide to Ohio newspapers, 1974.</subfield></datafield><datafield ind1=" " ind2=" " tag="580"><subfield code="a">Weekly edition: Marietta times (Marietta, Ohio : 1864).</subfield></datafield><datafield ind1=" " ind2=" " tag="580"><subfield code="a">Absorbed: Sunday morning observer, Aug. 3, 1919.</subfield></datafield><datafield ind1=" " ind2=" " tag="580"><subfield code="a">Absorbed: Marietta register (Marietta, Ohio : 1923), May 16, 1927.</subfield></datafield><datafield ind1=" " ind2=" " tag="752"><subfield code="a">United States</subfield><subfield code="b">Ohio</subfield><subfield code="c">Washington</subfield><subfield code="d">Marietta.</subfield></datafield><datafield ind1="1" ind2=" " tag="775"><subfield code="t">Marietta times (Marietta, Ohio : 1864)</subfield><subfield code="w">(DLC)sn 84028537</subfield></datafield><datafield ind1="1" ind2="5" tag="780"><subfield code="t">Sunday morning observer</subfield><subfield code="w">(DLC)sn 87075223</subfield></datafield><datafield ind1="1" ind2="5" tag="780"><subfield code="t">Marietta register (Marietta, Ohio : 1923)</subfield><subfield code="w">(DLC)sn 87075060</subfield></datafield><datafield ind1="0" ind2="0" tag="785"><subfield code="t">Daily times (Marietta, Ohio)</subfield><subfield code="w">(DLC)sn 89076163</subfield></datafield><datafield ind1="1" ind2=" " tag="029"><subfield code="a">AU@</subfield><subfield code="b">000025796023</subfield></datafield></record>